@book{hoffmankunze,
	author = "Kenneth Hoffman and Ray Kunze",
	title = "Linear Algebra",
	year = "1971",
	publisher = "Prentice-Hall",
	pagetotal = "407",
	edition = "2"
}

@book{romanlinalg,
	author = "Steven Roman",
	title = "Advanced Linear Algebra",
	year = "2008",
	isbn = "978-0-387-72828-5",
	publisher = "Springer",
	pagetotal = "522",
	edition = "3"
}